@book{Minagawa,
    author = "皆川達夫",
    title = "楽譜の歴史",
    publisher = "音楽之友社",
    year = 1985,
}

@inproceedings{Masui,
    author = "増井俊之",
    title = "ユニバーサルなテキスト入力システムをめざして",
    booktitle = "第52回プログラミング･シンポジウム予稿集",
    year = "2011",
    volume = "2011",
    number = "",
    pages = "1--10",
    month = "jan"
}

@inproceedings{Watanabe,
    author = {Fumiko Watanabe and
 Rumi Hiraga and
 Issei Fujishiro},
    title = {{ BRASS: } Visualizing Scores for Assisting Music Learning},
    booktitle = {Proceedings of the 2003 International Computer Music Conference, { ICMC }
2003, Singapore, September 29 - October 4, 2003},
    publisher = {Michigan Publishing},
    year = {2003}
}

@article{Almeida,
    author = {Almeida, Jos{\'e} Jo\~{a}o and Carvalho, Nuno Ramos and Oliveira, Jos{\'e} Nuno},
    title = {{ WIKI: :SCORE } A Collaborative Environment for Music Transcription and Publishing},
    journal = {Inf. Serv. Use},
    issue_date = {July 2011},
    volume = {31},
    number = {3-4},
    month = jul,
    year = {2011},
    issn = {0167-5265},
    pages = {177--187},
    numpages = {11},
    url = {http://dl.acm.org/citation.cfm?id=2596812.2596823},
    acmid = {2596823},
    publisher = {IOS Press},
    address = {Amsterdam, The Netherlands, The Netherlands},
    keywords = {Abc, Collaborative Work, Music Publishing, Music Transcription, Wiki},
}

@inproceedings{XML,
    title = {MusicXML : An Internet-Friendly Format for Sheet Music},
    author = {Michael Good},
    year = {2002}
}

@inproceedings{Lily,
    title = {Lilypond, a System for Automated Music Engraving},
    author = {Han-Wen Nienhuys, Jan Nieuwenhuizen},
    booktitle = {Proceedings of the XIV Colloquium on Musical Informatics (XIV CIM 2003), Firenze, Italy, May 8-9-10, 2003},
    year = {2003}
}

@misc{Vex,
    title = "{VexTab}",
    howpublished = "\url{http://www.vexflow.com/vextab/}"
}

@inproceedings{Gyazz,
    author = "増井俊之",
    title = "Gyazz-柔軟で強力な万人のためのWikiシステム",
    booktitle = "第52回プログラミング･シンポジウム予稿集",
    year = "2011",
    volume = "2011",
    number = "",
    pages = "43--50",
    month = "jan"
}

@article{online,
    author = "Roger B. Dannenberg",
    title = "An On-line Algorithm for Real-Time Accompaniment",
    journal = "Proc. of International Cumputer Music Conference (ICMC1984)",
    ISSN = "",
    publisher = "",
    year = "1984",
    month = "",
    volume = "",
    number = "",
    pages = "193-198",
    URL = "https://ci.nii.ac.jp/naid/10025982772/",
    DOI = "",
}

@inproceedings{learning,
    author = {Matthias Dorfer and
 Florian Henkel and
 Gerhard Widmer},
    title = {Learning to Listen, Read, and Follow: Score Following as a Reinforcement
 Learning Game},
    booktitle = {Proceedings of the 19th International Society for Music Information
 Retrieval Conference, { ISMIR } 2018, Paris, France, September 23-27,
 2018},
    pages = {784--791},
    year = {2018},
    url = {http://ismir2018.ircam.fr/doc/pdfs/45\_Paper.pdf},
    timestamp = {Tue, 20 Nov 2018 15:33:12 +0100},
    biburl = {https://dblp.org/rec/bib/conf/ismir/DorferHW18},
    bibsource = {dblp computer science bibliography, https://dblp.org}
}

@ARTICLE{coupled,
    author = {A. Cont},
    journal = {IEEE Transactions on Pattern Analysis and Machine Intelligence},
    title = {A Coupled Duration-Focused Architecture for Real-Time Music-to-Score Alignment},
    year = {2010},
    volume = {32},
    number = {6},
    pages = {974-987},
    keywords = {audio signal processing;hidden Markov models;inference mechanisms;learning (artificial intelligence);music;real-time systems;coupled duration focused architecture;real time music to score alignment;real time synchronization;machine intelligence;music temporal dynamics;live recording;audio agents;tempo agents;probabilistic inference framework;hidden hybrid Markov framework;Real time systems;Decoding;Humans;Clocks;Speech recognition;Music information retrieval;Audio recording;Machine intelligence;Online Communities/Technical Collaboration;Feedback;Automatic musical accompaniment;hidden hybrid Markov/semi-Markov models;computer music.;Algorithms;Artificial Intelligence;Auditory Perception;Humans;Markov Chains;Models, Statistical;Music;Pattern Recognition, Automated;Signal Processing, Computer-Assisted;Stochastic Processes;Time Factors},
    doi = {10.1109/TPAMI.2009.106},
    ISSN = {0162-8828},
    month = {June}, }

@inproceedings{automatic,
    author = {Arzt, Andreas and Widmer, Gerhard and Dixon, Simon},
    title = {Automatic Page Turning for Musicians via Real-Time Machine Listening},
    booktitle = {Proceedings of the 2008 Conference on ECAI 2008: 18th European Conference on Artificial Intelligence},
    year = {2008},
    isbn = {978-1-58603-891-5},
    pages = {241--245},
    numpages = {5},
    url = {http://dl.acm.org/citation.cfm?id=1567281.1567337},
    acmid = {1567337},
    publisher = {IOS Press},
    address = {Amsterdam, The Netherlands, The Netherlands},
}

@inproceedings{muens,
    author = {Maezawa, Akira and Yamamoto, Kazuhiko},
    title = {MuEns: A Multimodal Human-Machine Music Ensemble for Live Concert Performance},
    booktitle = {Proceedings of the 2017 CHI Conference on Human Factors in Computing Systems},
    series = {CHI '17},
    year = {2017},
    isbn = {978-1-4503-4655-9},
    location = {Denver, Colorado, USA},
    pages = {4290--4301},
    numpages = {12},
    url = {http://doi.acm.org/10.1145/3025453.3025505},
    doi = {10.1145/3025453.3025505},
    acmid = {3025505},
    publisher = {ACM},
    address = {New York, NY, USA},
    keywords = {human-machine music ensemble, live concert system, machine learning, multimodal interaction, score following},
}

@inproceedings{mysong,
    author = {Simon, Ian and Morris, Dan and Basu, Sumit},
    title = {MySong: Automatic Accompaniment Generation for Vocal Melodies},
    booktitle = {Proceedings of the SIGCHI Conference on Human Factors in Computing Systems},
    series = {CHI '08},
    year = {2008},
    isbn = {978-1-60558-011-1},
    location = {Florence, Italy},
    pages = {725--734},
    numpages = {10},
    url = {http://doi.acm.org/10.1145/1357054.1357169},
    doi = {10.1145/1357054.1357169},
    acmid = {1357169},
    publisher = {ACM},
    address = {New York, NY, USA},
    keywords = {hidden markov models, music},
}

@ARTICLE{orchestra,
    author = {M. Prockup and D. Grunberg and A. Hrybyk and Y. E. Kim},
    journal = {IEEE MultiMedia},
    title = {Orchestral Performance Companion: Using Real-Time Audio to Score Alignment},
    year = {2013},
    volume = {20},
    number = {2},
    pages = {52-60},
    keywords = {acoustic signal processing;audio user interfaces;multimedia computing;museums;music;orchestral performance companion;real-time audio;score alignment;symphony;time-relevant annotation;personal museum guide;musical expert;contextual information;concert program;acoustic features;time-stamped recording;handheld device;intuitive interface;unobtrusive interface;user beta testing;orchestra concert;Philadelphia Orchestra;live concert;Music;Information analysis;Performance evaluation;User interfaces;Acoustical engineering;multimedia;multimedia applications;score tracking;app development;music-information retrieval;music education;dynamic time warping},
    doi = {10.1109/MMUL.2013.26},
    ISSN = {1070-986X},
    month = {April}, }

@article{tutor,
    author = { Roger B. Dannenberg and Marta Sanchez and Annabelle Joseph and Peter Capell and Robert Joseph and Ronald Saul },
    title = {A computer‐based multi‐media tutor for beginning piano students},
    journal = {Interface},
    volume = {19},
    number = {2-3},
    pages = {155-173},
    year = {1990},
    publisher = {Routledge},
    doi = {10.1080/09298219008570563},

    URL = {
https://doi.org/10.1080/09298219008570563

},
    eprint = {
https://doi.org/10.1080/09298219008570563

}

}

@inproceedings{notepad,
    author = {Forsberg, Andrew and Dieterich, Mark and Zeleznik, Robert},
    title = {The Music Notepad},
    booktitle = {Proceedings of the 11th Annual ACM Symposium on User Interface Software and Technology},
    series = {UIST '98},
    year = {1998},
    isbn = {1-58113-034-1},
    location = {San Francisco, California, USA},
    pages = {203--210},
    numpages = {8},
    url = {http://doi.acm.org/10.1145/288392.288608},
    doi = {10.1145/288392.288608},
    acmid = {288608},
    publisher = {ACM},
    address = {New York, NY, USA},
    keywords = {direct displays, gestural input, gesture recognition, handwriting reconition, interaction, music notation, user interface},
}

@inproceedings{pen,
    author = {S{\'{e}} bastien Mac{\'{e}} and
 {\'{E}}ric Anquetil and
 Elodie Garrivier and
 Bruno Bossis},
    title = {A Pen-Based Musical Score Editor},
    booktitle = {Proceedings of the 2005 International Computer Music Conference, { ICMC }
2005, Barcelona, Spain, September 4-10, 2005},
    year = {2005},
    url = {http://hdl.handle.net/2027/spo.bbp2372.2005.052},
    timestamp = {Mon, 08 Feb 2016 16:22:48 +0100},
    biburl = {https://dblp.org/rec/bib/conf/icmc/MaceAGB05},
    bibsource = {dblp computer science bibliography, https://dblp.org}
}

@article{sssp,
    author = "Buxton, William",
    title = "Sanand Patel and Ronald Baecher : The Evolution of the SSSP Score Editing Tools",
    journal = "Computer Music Journal",
    ISSN = "",
    publisher = "",
    year = "1979",
    month = "",
    volume = "3",
    number = "4",
    pages = "14-25",
    URL = "https://ci.nii.ac.jp/naid/10012618713/",
    DOI = "",
}

@article{optical,
author = {Bainbridge, David and Bell, Tim},
title = {A music notation construction engine for optical music recognition},
journal = {Software: Practice and Experience},
volume = {33},
number = {2},
pages = {173-200},
keywords = {optical music recognition, music notation construction, definite clause grammars, graph traversal},
doi = {10.1002/spe.502},
url = {https://onlinelibrary.wiley.com/doi/abs/10.1002/spe.502},
eprint = {https://onlinelibrary.wiley.com/doi/pdf/10.1002/spe.502},
year = {2003}
}

@inproceedings{early,
    author = {Pugin, Laurent},
    year = {2006},
    month = {01},
    pages = {53-56},
    title = {Optical Music Recognitoin of Early Typographic Prints using Hidden Markov Models.},
    journal = {ISMIR 2006 - 7th International Conference on Music Information Retrieval}
}

@Article{symbol,
    author="Rebelo, A.
and Capela, G.
and Cardoso, Jaime S.",
    title="Optical recognition of music symbols",
    journal="International Journal on Document Analysis and Recognition (IJDAR)",
    year="2010",
    month="Mar",
    day="01",
    volume="13",
    number="1",
    pages="19--31",
    issn="1433-2825",
    doi="10.1007/s10032-009-0100-1",
    url="https://doi.org/10.1007/s10032-009-0100-1"
}

@inproceedings{onnote,
    author = {Yamamoto, Yusuke and Uchiyama, Hideaki and Kakehi, Yasuaki},
    title = {onNote: Playing Printed Music Scores As a Musical Instrument},
    booktitle = {Proceedings of the 24th Annual ACM Symposium on User Interface Software and Technology},
    series = {UIST '11},
    year = {2011},
    isbn = {978-1-4503-0716-1},
    location = {Santa Barbara, California, USA},
    pages = {413--422},
    numpages = {10},
    url = {http://doi.acm.org/10.1145/2047196.2047249},
    doi = {10.1145/2047196.2047249},
    acmid = {2047249},
    publisher = {ACM},
    address = {New York, NY, USA},
    keywords = {image retrieval, musical instrument, tangible interface},
}

@inproceedings{gocen,
    author = {Baba, Tetsuaki and Kikukawa, Yuya and Yoshiike, Toshiki and Suzuki, Tatsuhiko and Shoji, Rika and Kushiyama, Kumiko and Aoki, Makoto},
    title = {Gocen: A Handwritten Notational Interface for Musical Performance and Learning Music},
    booktitle = {ACM SIGGRAPH 2012 Emerging Technologies},
    series = {SIGGRAPH '12},
    year = {2012},
    isbn = {978-1-4503-1680-4},
    location = {Los Angeles, California},
    pages = {9:1--9:1},
    articleno = {9},
    numpages = {1},
    url = {http://doi.acm.org/10.1145/2343456.2343465},
    doi = {10.1145/2343456.2343465},
    acmid = {2343465},
    publisher = {ACM},
    address = {New York, NY, USA},
}
